<?xml version="1.0" encoding="UTF-8"?>
<collection
  xmlns:xsi="http://www.w3.org/2001/XMLSchema-instance"
  xsi:schemaLocation="http://www.loc.gov/MARC21/slim http://www.loc.gov/standards/marcxml/schema/MARC21slim.xsd"
  xmlns="http://www.loc.gov/MARC21/slim">

<record>
  <leader>05701ckdaa2200721 a 4500</leader>
  <controlfield tag="001">3462430</controlfield>
  <controlfield tag="005">20100226103447.0</controlfield>
  <controlfield tag="008">890606s1896    xx ||| |||||||   1k|eng d</controlfield>
  <datafield tag="035" ind1=" " ind2=" ">
    <subfield code="a">(OCoLC)79174495</subfield>
  </datafield>
  <datafield tag="035" ind1=" " ind2=" ">
    <subfield code="a">(OCoLC)ocm79174495</subfield>
  </datafield>
  <datafield tag="035" ind1=" " ind2=" ">
    <subfield code="a">(CStRLIN)NYDA89-F681</subfield>
  </datafield>
  <datafield tag="035" ind1=" " ind2=" ">
    <subfield code="9">AAA2901AD</subfield>
  </datafield>
  <datafield tag="035" ind1=" " ind2=" ">
    <subfield code="a">(NNC)3462430</subfield>
  </datafield>
  <datafield tag="040" ind1=" " ind2=" ">
    <subfield code="a">NNC</subfield>
    <subfield code="c">NNC</subfield>
    <subfield code="e">gihc</subfield>
  </datafield>
  <datafield tag="043" ind1=" " ind2=" ">
    <subfield code="a">n-us-ca</subfield>
  </datafield>
  <datafield tag="090" ind1=" " ind2=" ">
    <subfield code="i">08/16/01 X</subfield>
    <subfield code="h">01/09/92 N</subfield>
  </datafield>
  <datafield tag="110" ind1="2" ind2=" ">
    <subfield code="a">Greene &amp; Greene.</subfield>
  </datafield>
  <datafield tag="240" ind1="1" ind2="0">
    <subfield code="a">Kinney-Kendall building (Pasadena, Calif.)</subfield>
  </datafield>
  <datafield tag="245" ind1="1" ind2="0">
    <subfield code="a">Business block for Joseph N. Kinney at Pasadena, Cal.</subfield>
    <subfield code="h">[graphic] /</subfield>
    <subfield code="c">Greene &amp; Greene, Architects.</subfield>
  </datafield>
  <datafield tag="260" ind1=" " ind2=" ">
    <subfield code="c">1896</subfield>
  </datafield>
  <datafield tag="300" ind1=" " ind2=" ">
    <subfield code="a">20 drawings ;</subfield>
    <subfield code="b">various media ;</subfield>
    <subfield code="c">66.7 x 98.8 cm. (26 1/4 x 39 in.) or smaller.</subfield>
  </datafield>
  <datafield tag="500" ind1=" " ind2=" ">
    <subfield code="a">Many of the drawings contain approval signatures.</subfield>
  </datafield>
  <datafield tag="500" ind1=" " ind2=" ">
    <subfield code="a">Bracketed title elements supplied by cataloger or taken from inventory.</subfield>
  </datafield>
  <datafield tag="500" ind1=" " ind2=" ">
    <subfield code="a">Forms part of the Greene &amp; Greene collection of architectural drawings.</subfield>
  </datafield>
  <datafield tag="500" ind1=" " ind2=" ">
    <subfield code="a">Scale 1/4"=1', 1/2"=1' or full size.</subfield>
  </datafield>
  <datafield tag="500" ind1=" " ind2=" ">
    <subfield code="a">This set consists of 11 ink drawings with pencil markings and also with watercolor wash applied to the verso on cloth, and 9 ink drawings with pencil markings on cloth.</subfield>
  </datafield>
  <datafield tag="561" ind1=" " ind2=" ">
    <subfield code="a">Gift of Jean Murray Bangs (Mrs. Harwell Hamilton Harris), 1960; formerly the collection of Charles Sumner Greene.</subfield>
  </datafield>
  <datafield tag="650" ind1=" " ind2="7">
    <subfield code="a">Stores.</subfield>
    <subfield code="2">aat</subfield>
  </datafield>
  <datafield tag="650" ind1=" " ind2="7">
    <subfield code="a">Commercial buildings.</subfield>
    <subfield code="2">aat</subfield>
  </datafield>
  <datafield tag="655" ind1=" " ind2="7">
    <subfield code="a">Detail drawings.</subfield>
    <subfield code="2">aat</subfield>
  </datafield>
  <datafield tag="655" ind1=" " ind2="7">
    <subfield code="a">Architectural drawings</subfield>
    <subfield code="x">American.</subfield>
    <subfield code="2">aat</subfield>
  </datafield>
  <datafield tag="655" ind1=" " ind2="7">
    <subfield code="a">Orthographic drawings.</subfield>
    <subfield code="2">aat</subfield>
  </datafield>
  <datafield tag="691" ind1=" " ind2="0">
    <subfield code="a">Pasadena (Calif.)</subfield>
  </datafield>
  <datafield tag="697" ind1="2" ind2="4">
    <subfield code="a">Kinney-Kendall building (Pasadena, Calif.)</subfield>
  </datafield>
  <datafield tag="650" ind1=" " ind2="0">
    <subfield code="a">Architecture</subfield>
    <subfield code="z">United States</subfield>
    <subfield code="v">Designs and plans.</subfield>
  </datafield>
  <datafield tag="700" ind1="1" ind2=" ">
    <subfield code="a">Greene, Charles Sumner,</subfield>
    <subfield code="d">1868-1957.</subfield>
  </datafield>
  <datafield tag="700" ind1="1" ind2=" ">
    <subfield code="a">Greene, Henry Mather,</subfield>
    <subfield code="d">1870-1954.</subfield>
  </datafield>
  <datafield tag="700" ind1="1" ind2=" ">
    <subfield code="a">Kinney, Joseph N.</subfield>
  </datafield>
  <datafield tag="755" ind1=" " ind2=" ">
    <subfield code="a">Ink drawings.</subfield>
    <subfield code="2">aat</subfield>
  </datafield>
  <datafield tag="755" ind1=" " ind2=" ">
    <subfield code="a">Watercolor wash drawings.</subfield>
    <subfield code="2">aat</subfield>
  </datafield>
  <datafield tag="755" ind1=" " ind2=" ">
    <subfield code="a">Pencil drawings.</subfield>
    <subfield code="2">aat</subfield>
  </datafield>
  <datafield tag="799" ind1="4" ind2="1">
    <subfield code="a">The Greene &amp; Greene collection of architectural drawings.</subfield>
  </datafield>
  <datafield tag="789" ind1="0" ind2=" ">
    <subfield code="1">[1]</subfield>
    <subfield code="i">NYDA.1960.001.02154.</subfield>
    <subfield code="v">[AVERYimage].</subfield>
    <subfield code="t">Foundation plan ; sections of footings ; [sections of] outside piers supporting iron columns [and] inside piers supporting round iron columns :</subfield>
    <subfield code="n">No. 1.</subfield>
  </datafield>
  <datafield tag="789" ind1="0" ind2=" ">
    <subfield code="1">[2]</subfield>
    <subfield code="i">NYDA.1960.001.02155.</subfield>
    <subfield code="v">[AVERYimage].</subfield>
    <subfield code="t">Plan of first floor :</subfield>
    <subfield code="n">No. 2.</subfield>
  </datafield>
  <datafield tag="789" ind1="0" ind2=" ">
    <subfield code="1">[3]</subfield>
    <subfield code="i">NYDA.1960.001.02156.</subfield>
    <subfield code="v">[AVERYimage].</subfield>
    <subfield code="t">Plan of second floor :</subfield>
    <subfield code="n">No. 3.</subfield>
  </datafield>
  <datafield tag="789" ind1="0" ind2=" ">
    <subfield code="1">[4]</subfield>
    <subfield code="i">NYDA.1960.001.02157.</subfield>
    <subfield code="v">[AVERYimage].</subfield>
    <subfield code="t">Plan of third floor :</subfield>
    <subfield code="n">No. 4.</subfield>
  </datafield>
  <datafield tag="789" ind1="0" ind2=" ">
    <subfield code="1">[5]</subfield>
    <subfield code="i">NYDA.1960.001.02158.</subfield>
    <subfield code="v">[AVERYimage].</subfield>
    <subfield code="t">Plan of roof :</subfield>
    <subfield code="n">No. 5.</subfield>
  </datafield>
  <datafield tag="789" ind1="0" ind2=" ">
    <subfield code="1">[6]</subfield>
    <subfield code="i">NYDA.1960.001.02159.</subfield>
    <subfield code="v">[AVERYimage].</subfield>
    <subfield code="t">South elevation, north elevation :</subfield>
    <subfield code="n">No. 6.</subfield>
  </datafield>
  <datafield tag="789" ind1="0" ind2=" ">
    <subfield code="1">[7]</subfield>
    <subfield code="i">NYDA.1960.001.02160.</subfield>
    <subfield code="v">[AVERYimage].</subfield>
    <subfield code="t">East elevation :</subfield>
    <subfield code="n">No. 7.</subfield>
  </datafield>
  <datafield tag="789" ind1="0" ind2=" ">
    <subfield code="1">[8]</subfield>
    <subfield code="i">NYDA.1960.001.02161.</subfield>
    <subfield code="v">[AVERYimage].</subfield>
    <subfield code="t">West elevation :</subfield>
    <subfield code="n">No. 9.</subfield>
  </datafield>
  <datafield tag="789" ind1="0" ind2=" ">
    <subfield code="1">[9]</subfield>
    <subfield code="i">NYDA.1960.001.02162.</subfield>
    <subfield code="v">[AVERYimage].</subfield>
    <subfield code="t">1/2 inch scale details of front -- section of front wall, plan thro' wooden mullion, section showing girders and interior columns, elevation of front :</subfield>
    <subfield code="n">No. 10.</subfield>
    <subfield code="o">"N.B. -- outside columns on third floor extend up to and are anchored to ceiling joists'.</subfield>
    <subfield code="o">"Note -- set all eyes, botts[?], etc. for awnings on first floor".</subfield>
  </datafield>
  <datafield tag="789" ind1="0" ind2=" ">
    <subfield code="1">[10]</subfield>
    <subfield code="i">NYDA.1960.001.02163.</subfield>
    <subfield code="v">[AVERYimage].</subfield>
    <subfield code="t">Section A-B [through entire building] (drawings no. 2, 3 &amp; 4) :</subfield>
    <subfield code="n">No. 11.</subfield>
  </datafield>
  <datafield tag="789" ind1="0" ind2=" ">
    <subfield code="1">[11]</subfield>
    <subfield code="i">NYDA.1960.001.02164.</subfield>
    <subfield code="v">[AVERYimage].</subfield>
    <subfield code="t">1/2 in. scale details of iron columns -- 3rd story H shaped columns, 3rd story cylindrical columns, 2nd story H shaped columns, 2nd story cylindrical columns :</subfield>
    <subfield code="n">No. 12.</subfield>
  </datafield>
  <datafield tag="789" ind1="0" ind2=" ">
    <subfield code="1">[12]</subfield>
    <subfield code="i">NYDA.1960.001.02165.</subfield>
    <subfield code="v">[AVERYimage].</subfield>
    <subfield code="t">1/2 inch scale details of skylights &amp; iron columns -- 1st story H shaped columns, 1st story cylindrical columns, cast iron frames for skylights, section thro' frame ;</subfield>
    <subfield code="n">No. 13.</subfield>
  </datafield>
  <datafield tag="789" ind1="0" ind2=" ">
    <subfield code="1">[13]</subfield>
    <subfield code="i">NYDA.1960.001.02166.</subfield>
    <subfield code="v">[AVERYimage].</subfield>
    <subfield code="t">1/2 inch scale details of trusses -- south truss, south trussed girder, north truss, north trussed girder :</subfield>
    <subfield code="n">No. 14.</subfield>
  </datafield>
  <datafield tag="789" ind1="0" ind2=" ">
    <subfield code="1">[14]</subfield>
    <subfield code="i">NYDA.1960.001.02167.</subfield>
    <subfield code="v">[AVERYimage].</subfield>
    <subfield code="t">1/2 in. scale details of store fronts -- [elevation], plan, [partial section of] store fronts on east elevation (three like this, one like this but 6" more in height), section thro' door ; [elevation of] store front on north elevation (one like this) :</subfield>
    <subfield code="n">No. 15.</subfield>
    <subfield code="0">"Note -- see full size details for mouldings".</subfield>
  </datafield>
  <datafield tag="789" ind1="0" ind2=" ">
    <subfield code="1">[15]</subfield>
    <subfield code="i">NYDA.1960.001.02168.</subfield>
    <subfield code="v">[AVERYimage].</subfield>
    <subfield code="t">1/2 in. scale details of store fronts -- [elevation and] plan [of] store fronts on south elevation ; [elevation], plan, [and partial section of] store fronts on east elevation (2 like this) :</subfield>
    <subfield code="n">No. 16.</subfield>
    <subfield code="o">"Note -- see full size details for mouldings".</subfield>
    <subfield code="o">"Note -- measurements are from finished plaster lines".</subfield>
  </datafield>
  <datafield tag="789" ind1="0" ind2=" ">
    <subfield code="1">[16]</subfield>
    <subfield code="i">NYDA.1960.001.02169.</subfield>
    <subfield code="v">[AVERYimage].</subfield>
    <subfield code="t">1/2 in. scale details of skylights -- cast iron frames for skylights (2 like this), section thro' frame ; full size sections ;</subfield>
    <subfield code="n">No. 17.</subfield>
  </datafield>
  <datafield tag="789" ind1="0" ind2=" ">
    <subfield code="1">[17]</subfield>
    <subfield code="i">NYDA.1960.001.02170.</subfield>
    <subfield code="v">[AVERYimage].</subfield>
    <subfield code="t">1/2 in. scale details of doors [in elevations] :</subfield>
    <subfield code="n">No. 18.</subfield>
  </datafield>
  <datafield tag="789" ind1="0" ind2=" ">
    <subfield code="1">[18]</subfield>
    <subfield code="i">NYDA.1960.001.02171.</subfield>
    <subfield code="v">[AVERYimage].</subfield>
    <subfield code="t">1/2 inch scale details of stairs -- elevation, section thro' Colorado St. entrance, plan of stairs between 2nd &amp; 3rd floors, side elevation of step ladder :</subfield>
    <subfield code="n">No. 19.</subfield>
  </datafield>
  <datafield tag="789" ind1="0" ind2=" ">
    <subfield code="1">[19]</subfield>
    <subfield code="i">NYDA.1960.001.02172.</subfield>
    <subfield code="v">[AVERYimage].</subfield>
    <subfield code="t">F[ull] s[ize] and 1/2 in. scale details of outside doors :</subfield>
    <subfield code="n">No. 23.</subfield>
    <subfield code="o">"Kinney and Kendall building".</subfield>
  </datafield>
  <datafield tag="789" ind1="0" ind2=" ">
    <subfield code="1">[20]</subfield>
    <subfield code="i">NYDA.1960.001.02175.</subfield>
    <subfield code="v">[AVERYimage].</subfield>
    <subfield code="t">Revised drawing of southwest corner of second floor [plan],</subfield>
    <subfield code="d">dated August, 1896.</subfield>
    <subfield code="o">"To be built according to this, and all previous drawings are cancelled ... Agreed to and accepted by both owner and contracter'.</subfield>
  </datafield>
  <datafield tag="900" ind1=" " ind2=" ">
    <subfield code="a">AUTH</subfield>
  </datafield>
</record>

</collection>